@inproceedings{buneman1997semistructured,
  title={Semistructured data},
  author={Buneman, Peter},
  booktitle={Proceedings of the sixteenth ACM SIGACT-SIGMOD-SIGART symposium on Principles of database systems},
  pages={117--121},
  year={1997}
}

@article{ganguly2012evaluations,
  title={Evaluations of conceptual models for semi-structured database system},
  author={Ganguly, Rita and Sarkar, Anirban},
  journal={International Journal of Computer Applications},
  volume={50},
  number={18},
  year={2012},
  publisher={Foundation of Computer Science}
}

@inproceedings{abramova2013nosql,
  title={NoSQL databases: MongoDB vs cassandra},
  author={Abramova, Veronika and Bernardino, Jorge},
  booktitle={Proceedings of the international C* conference on computer science and software engineering},
  pages={14--22},
  year={2013}
}

@article{melville2010recommender,
  title={Recommender systems.},
  author={Melville, Prem and Sindhwani, Vikas},
  journal={Encyclopedia of machine learning},
  volume={1},
  pages={829--838},
  year={2010}
}

@article{lu2012recommender,
  title={Recommender systems},
  author={L{\"u}, Linyuan and Medo, Mat{\'u}{\v{s}} and Yeung, Chi Ho and Zhang, Yi-Cheng and Zhang, Zi-Ke and Zhou, Tao},
  journal={Physics reports},
  volume={519},
  number={1},
  pages={1--49},
  year={2012},
  publisher={Elsevier}
}
